@article{clark1994high,
  title={High sensitivity mapping of methylated cytosines},
  author={Clark, Susan J and Harrison, Janet and Paul, Cheryl L and Frommer, Marianne},
  journal={Nucleic acids research},
  volume={22},
  number={15},
  pages={2990--2997},
  year={1994},
  publisher={Oxford University Press}
}

@article{niki2006establishment,
  title={Establishment of stable cell lines of \emph{Drosophila} germ-line stem cells},
  author={Niki, Yuzo and Yamaguchi, Takafumi and Mahowald, Anthony P},
  journal={Proceedings of the National Academy of Sciences},
  volume={103},
  number={44},
  pages={16325--16330},
  year={2006},
  publisher={National Acad Sciences}
}

@techreport { ellis2023datafrom ,
    author = { Ellis, Thomas James and Nyzhynska, Viktoria and Pisupati, Rahul and Molla-Morales, Almudena and Nordborg, Magnus } ,
    year = {2023} ,
    title = { Data from: Bisulphite sequecing in the presence of cytosine-conversion errors } ,
    institution = { The National Center for Biotechnology Information (NCBI) Sequence Read Archive (SRA) } ,
    type = {} ,
    number = {BioProject: PRJNA1155267} ,
    note = { \url{https://www.ncbi.nlm.nih.gov/bioproject/PRJNA1155267} }
}

@article{saito2009regulatory,
  title={A regulatory circuit for \emph{piwi} by the large \{M}af gene \emph{traffic jam} in \emph{Drosophila}},
  author={Saito, Kuniaki and Inagaki, Sachi and Mituyama, Toutai and Kawamura, Yoshinori and Ono, Yukiteru and Sakota, Eri and Kotani, Hazuki and Asai, Kiyoshi and Siomi, Haruhiko and Siomi, Mikiko C},
  journal={Nature},
  volume={461},
  number={7268},
  pages={1296--1299},
  year={2009},
  publisher={Nature Publishing Group UK London}
}

@article{takuno2012body,
  title={Body-methylated genes in \emph{Arabidopsis thaliana} are functionally important and evolve slowly},
  author={Takuno, Shohei and Gaut, Brandon S},
  journal={Molecular Biology and Evolution},
  volume={29},
  number={1},
  pages={219--227},
  year={2012},
  publisher={Oxford University Press}
}

@article{meissner2005reduced,
  title={Reduced representation bisulfite sequencing for comparative high-resolution DNA methylation analysis},
  author={Meissner, Alexander and Gnirke, Andreas and Bell, George W and Ramsahoye, Bernard and Lander, Eric S and Jaenisch, Rudolf},
  journal={Nucleic acids research},
  volume={33},
  number={18},
  pages={5868--5877},
  year={2005},
  publisher={Oxford University Press}
}

@article{sasaki2019common,
  title={Common alleles of CMT2 and NRPE1 are major determinants of CHH methylation variation in \emph{Arabidopsis thaliana}},
  author={Sasaki, Eriko and Kawakatsu, Taiji and Ecker, Joseph R and Nordborg, Magnus},
  journal={PLoS Genetics},
  volume={15},
  number={12},
  pages={e1008492},
  year={2019},
  publisher={Public Library of Science San Francisco, CA USA}
}

@article{cokus2008shotgun,
  title={Shotgun bisulphite sequencing of the Arabidopsis genome reveals DNA methylation patterning},
  author={Cokus, Shawn J and Feng, Suhua and Zhang, Xiaoyu and Chen, Zugen and Merriman, Barry and Haudenschild, Christian D and Pradhan, Sriharsa and Nelson, Stanley F and Pellegrini, Matteo and Jacobsen, Steven E},
  journal={Nature},
  volume={452},
  number={7184},
  pages={215--219},
  year={2008},
  publisher={Nature Publishing Group UK London}
}

@article{lister2008highly,
  title={Highly integrated single-base resolution maps of the epigenome in Arabidopsis},
  author={Lister, Ryan and O'Malley, Ronan C and Tonti-Filippini, Julian and Gregory, Brian D and Berry, Charles C and Millar, A Harvey and Ecker, Joseph R},
  journal={Cell},
  volume={133},
  number={3},
  pages={523--536},
  year={2008},
  publisher={Elsevier}
}

@article{lister2009human,
  title={Human DNA methylomes at base resolution show widespread epigenomic differences},
  author={Lister, Ryan and Pelizzola, Mattia and Dowen, Robert H and Hawkins, R David and Hon, Gary and Tonti-Filippini, Julian and Nery, Joseph R and Lee, Leonard and Ye, Zhen and Ngo, Que-Minh and others},
  journal={nature},
  volume={462},
  number={7271},
  pages={315--322},
  year={2009},
  publisher={Nature Publishing Group UK London}
}

@article{adey2012ultra,
  title={Ultra-low-input, tagmentation-based whole-genome bisulfite sequencing},
  author={Adey, Andrew and Shendure, Jay},
  journal={Genome research},
  volume={22},
  number={6},
  pages={1139--1143},
  year={2012},
  publisher={Cold Spring Harbor Lab}
}

@article{wang2013tagmentation,
  title={Tagmentation-based whole-genome bisulfite sequencing},
  author={Wang, Qi and Gu, Lei and Adey, Andrew and Radlwimmer, Bernhard and Wang, Wei and Hovestadt, Volker and B{\"a}hr, Marion and Wolf, Stephan and Shendure, Jay and Eils, Roland and others},
  journal={Nature protocols},
  volume={8},
  number={10},
  pages={2022--2032},
  year={2013},
  publisher={Nature Publishing Group UK London}
}

@article{lu2015improved,
  title={Improved tagmentation-based whole-genome bisulfite sequencing for input DNA from less than 100 mammalian cells},
  author={Lu, Hanlin and Yuan, Zhimei and Tan, Tao and Wang, Junwen and Zhang, Juyong and Luo, Hui-Juan and Xia, Yudong and Ji, Weizhi and Gao, Fei},
  journal={Epigenomics},
  volume={7},
  number={1},
  pages={47--56},
  year={2015},
  publisher={Future Medicine}
}

@article{suzuki2018whole,
  title={Whole-genome bisulfite sequencing with improved accuracy and cost},
  author={Suzuki, Masako and Liao, Will and Wos, Frank and Johnston, Andrew D and DeGrazia, Justin and Ishii, Jennifer and Bloom, Toby and Zody, Michael C and Germer, Soren and Greally, John M},
  journal={Genome research},
  volume={28},
  number={9},
  pages={1364--1371},
  year={2018},
  publisher={Cold Spring Harbor Lab}
}

@article{weichenhan2019generation,
  title={Generation of Whole Genome Bisulfite Sequencing Libraries from Very Low DNA Input},
  author={Weichenhan, Dieter and Imbusch, Charles D and Wang, Qi and Brors, Benedikt and Plass, Christoph},
  journal={Lymphoma: Methods and protocols},
  pages={229--248},
  year={2019},
  publisher={Springer}
}

@article{zhang2020natural,
  title={Natural variation in DNA methylation homeostasis and the emergence of epialleles},
  author={Zhang, Yinwen and Wendte, Jered M and Ji, Lexiang and Schmitz, Robert J},
  journal={Proceedings of the National Academy of Sciences},
  volume={117},
  number={9},
  pages={4874--4884},
  year={2020},
  publisher={National Acad Sciences}
}

@article{law2010establishing,
  title={Establishing, maintaining and modifying DNA methylation patterns in plants and animals},
  author={Law, Julie A and Jacobsen, Steven E},
  journal={Nature Reviews Genetics},
  volume={11},
  number={3},
  pages={204--220},
  year={2010},
  publisher={Nature Publishing Group UK London}
}

@article{muyle2022gene,
  title={Gene body methylation in plants: mechanisms, functions, and important implications for understanding evolutionary processes},
  author={Muyle, Aline M and Seymour, Danelle K and Lv, Yuanda and Huettel, Bruno and Gaut, Brandon S},
  journal={Genome Biology and Evolution},
  volume={14},
  number={4},
  pages={evac038},
  year={2022},
  publisher={Oxford University Press}
}

@article{stroud2013comprehensive,
  title={Comprehensive analysis of silencing mutants reveals complex regulation of the Arabidopsis methylome},
  author={Stroud, Hume and Greenberg, Maxim VC and Feng, Suhua and Bernatavichute, Yana V and Jacobsen, Steven E},
  journal={Cell},
  volume={152},
  number={1},
  pages={352--364},
  year={2013},
  publisher={Elsevier}
}

@article{chamberlin1890method,
  title={The method of multiple working hypotheses},
  author={Chamberlin, Thomas C},
  journal={Science},
  number={366},
  pages={92--96},
  year={1890},
  publisher={American Association for the Advancement of Science}
}

@software{krueger2015trim,
  title={Trim Galore!: A wrapper around Cutadapt and FastQC to consistently apply adapter and quality trimming to FastQ files, with extra functionality for RRBS data},
  author={Krueger, Felix},
  journal={Babraham Institute},
  doi={10.5281/zenodo.5127898},
  year={2015}
}

@article{martin2011cutadapt,
  title={Cutadapt removes adapter sequences from high-throughput sequencing reads},
  author={Martin, Marcel},
  journal={EMBnet. journal},
  volume={17},
  number={1},
  pages={10--12},
  year={2011},
  doi = {10.14806/ej.17.1.200}
}

@article{krueger2011bismark,
  title={Bismark: a flexible aligner and methylation caller for Bisulfite-Seq applications},
  author={Krueger, Felix and Andrews, Simon R},
  journal={Bioinformatics},
  volume={27},
  number={11},
  pages={1571--1572},
  year={2011},
  publisher={Oxford University Press}
}

@misc{andrews2020fastqc,
  title={FastQC: a quality control tool for high throughput sequence data},
  author={Andrews, S and Krueger, F and Segonds-Pichon, A and Biggins, L and Krueger, C and Wingett, S},
  year={2010},
  url={https://www.bioinformatics.babraham.ac.uk/projects/fastqc/}
}

@article{dubin2015dna,
  title={DNA methylation in Arabidopsis has a genetic basis and shows evidence of local adaptation},
  author={Dubin, Manu J and Zhang, Pei and Meng, Dazhe and Remigereau, Marie-Stanislas and Osborne, Edward J and Paolo Casale, Francesco and Drewe, Philipp and Kahles, Andr{\'e} and Jean, Geraldine and Vilhj{\'a}lmsson, Bjarni and others},
  journal={elife},
  volume={4},
  pages={e05255},
  year={2015},
  publisher={eLife Sciences Publications, Ltd}
}

@article{burnham2004multimodel,
  title={Multimodel inference: understanding AIC and BIC in model selection},
  author={Burnham, Kenneth P and Anderson, David R},
  journal={Sociological methods \& research},
  volume={33},
  number={2},
  pages={261--304},
  year={2004},
  publisher={Sage Publications Sage CA: Thousand Oaks, CA}
}
